<record><leader>00000cas a22000007a 4500</leader><controlfield tag="001">12152261</controlfield><controlfield tag="008">850613d19191988mauwr ne      0    0eng  </controlfield><datafield ind1=" " ind2=" " tag="010"><subfield code="a">sn 85042323 </subfield></datafield><datafield ind1=" " ind2=" " tag="040"><subfield code="a">DLC</subfield><subfield code="b">eng</subfield><subfield code="c">DLC</subfield><subfield code="d">MGN</subfield></datafield><datafield ind1="1" ind2=" " tag="029"><subfield code="a">AU@</subfield><subfield code="b">000025819578</subfield></datafield><datafield ind1=" " ind2=" " tag="037"><subfield code="b">72 Trapelo Road, Belmont MA 02178</subfield></datafield><datafield ind1=" " ind2=" " tag="042"><subfield code="a">msc</subfield></datafield><datafield ind1="0" ind2="0" tag="050"><subfield code="a">Newspaper 8167</subfield></datafield><datafield ind1="0" ind2="0" tag="245"><subfield code="a">Belmont citizen.</subfield></datafield><datafield ind1=" " ind2=" " tag="260"><subfield code="a">Belmont, Mass. :</subfield><subfield code="b">Ralph C. Metcalf,</subfield></datafield><datafield ind1=" " ind2=" " tag="300"><subfield code="a">v.</subfield></datafield><datafield ind1=" " ind2=" " tag="310"><subfield code="a">Weekly</subfield></datafield><datafield ind1="0" ind2=" " tag="362"><subfield code="a">Vol. 1, no. 1 (Mar. 29, 1919)-</subfield></datafield><datafield ind1="1" ind2=" " tag="362"><subfield code="a">Ceased Mar. 31, 1988.</subfield></datafield><datafield ind1=" " ind2=" " tag="752"><subfield code="a">United States</subfield><subfield code="b">Massachusetts</subfield><subfield code="c">Middlesex</subfield><subfield code="d">Belmont.</subfield></datafield><datafield ind1="0" ind2="7" tag="785"><subfield code="t">Belmont herald</subfield><subfield code="w">(DLC)sn 97068880</subfield></datafield><datafield ind1="0" ind2="7" tag="785"><subfield code="t">Belmont citizen herald</subfield><subfield code="w">(DLC)sn 92056758</subfield></datafield></record>